# Copyright (C) 2022 Tobias Oetiker, Marcin Serwin
#
# Copying and distribution of this file, with or without modification,
# are permitted in any medium without royalty provided the copyright
# notice and this notice are preserved.  This file is offered as-is,
# without any warranty.

@book{texbook,
  author    = {Knuth, Donald E.},
  title     = {The \TeX{}book},
  year      = {1984},
  isbn      = {0-201-13448-9},
  publisher = {Addison-Wesley},
  edition   = {2},
  series    = {Computers and Typesetting},
  volume    = {A},
  location  = {Reading, Massachusetts}
}

@book{manual,
  title     = {{\LaTeX:} A Document Preparation System},
  author    = {Lamport, Leslie},
  publisher = {Addison-Wesley},
  edition   = {2},
  year      = {1994},
  isbn      = {0-201-52983-1},
  location  = {Reading, Massachusetts}
}

@book{companion,
  title     = {The {\LaTeX} Companion},
  author    = {Mittelbach, Frank and Goossens, Michel and Braams, Johannes and 
               Carlisle, David and Rowley, Chris},
  publisher = {Addison-Wesley},
  edition   = {2},
  year      = {2004},
  isbn      = {0-201-36299-6},
  location  = {Reading, Massachusetts}
}

@book{graphicscompanion,
  title     = {The {\LaTeX} Graphics Companion},
  author    = {Goossens, Michel and Rahtz, Sebastian  and Mittelbach, Frank},
  publisher = {Addison-Wesley},
  year      = {1997},
  isbn      = {0-201-85469-4},
  location  = {Reading, Massachusetts}
}

@misc{local,
  note = {Each \LaTeX{} installation should provide a so-called
          \emph{\LaTeX{} Local Guide}, which explains the things that are
          special to the local system.  It should be contained in a file called
          \texttt{local.tex}. Unfortunately, some lazy sysops do not provide such a
          document. In this case, go and ask your local \LaTeX{} guru for help}
}

@misc{usrguide,
  author       = {\LaTeX3 Project Team},
  howpublished = {Comes with the \LaTeXe{} distribution as \texttt{usrguide.tex}},
  title        = {\LaTeXe~for authors}
}

@misc{clsguide,
  author       = {\LaTeX3 Project Team},
  howpublished = {Comes with the \LaTeXe{} distribution as \texttt{clsguide.tex}},
  title        = {\LaTeXe~for Class and Package writers}
}

@manual{fntguide,
  author = {The \LaTeX{} Team},
  title  = {\LaTeXe{} font selection},
  month  = {3},
  year   = {2021},
  url    = {https://www.ctan.org/pkg/fntguide}
}

@misc{cyrguide,
  author       = {Volovich, Vladimir and Lemberg, Werner and \LaTeX3 Project Team},
  howpublished = {Comes with the \LaTeXe{} distribution as
                  \texttt{cyrguide.tex}.},
  title        = {Cyrillic languages support in \LaTeX}
}

@misc{catalogue,
  author       = {Williams, Graham},
  howpublished = {Available online from \CTAN|help/Catalogue/catalogue.html|},
  title        = {The TeX Catalogue},
  note         = {It is a very complete listing of many \TeX{} and \LaTeX{}
                  related packages.}
}

@software{texmaker,
  license = {GPL-2.0-or-later},
  author  = {Pascal Brachet},
  year    = {2022},
  version = {5.1.3},
  title   = {Texmaker},
  url     = {https://www.xm1math.net/texmaker/}
}

@software{texstudio,
  license = {GPL-2.0-or-later},
  author  = {Benito van der Zander},
  year    = {2022},
  version = {4.2.3},
  title   = {TeXstudio},
  url     = {https://www.texstudio.org/}
}

@software{mactex,
  license = {Mixed free licenses},
  author  = {MacTeX TeXnical working group},
  year    = {2022},
  version = {MacTeX-2022},
  title   = {MacTeX},
  url     = {https://tug.org/mactex/}
}

@software{texshop,
  license = {GPL-2.0},
  author  = {Richard Koch et al.},
  year    = {2022},
  version = {4.70},
  title   = {TeXShop},
  url     = {https://pages.uoregon.edu/koch/texshop/}
}

@software{texworks,
  license = {GPL-2.0-or-later},
  author  = {Jonathan Kew and Stefan Löffler and Charlie Sharpsteen},
  year    = {2022},
  version = {0.6.7},
  title   = {TeXworks},
  url     = {https://www.tug.org/texworks/}
}

@software{pdfview,
  license = {GPL-2.0},
  author  = {Andrea Bergia},
  year    = {2007},
  version = {0.14.3},
  title   = {PDFView},
  url     = {http://pdfview.sourceforge.net/}
}


@software{miktex,
  license = {Mixed free licenses},
  author  = {Christian Schenk},
  year    = {2022},
  version = {22.3},
  title   = {MiKTeX},
  url     = {https://miktex.org/}
}


@software{texlive,
  title   = {TeX Live},
  author  = {Karl Berry},
  license = {LPPL, GPL-2.0},
  year    = {2022},
  version = {2022},
  url     = {https://www.tug.org/texlive/}
}

@software{texniccenter,
  title   = {TeXnicCenter},
  author  = {The TeXnicCenter Team},
  license = {GPL},
  year    = {2013},
  version = {2.02},
  url     = {https://www.texniccenter.org/}
}

@software{sumatrapdf,
  title   = {Sumatra PDF},
  author  = {Krzysztof Kowalczyk},
  license = {(A)GPLv3},
  year    = {2021},
  version = {3.3.3},
  url     = {https://www.sumatrapdfreader.org/}
}

@software{ghostscript,
  title   = {Ghostscript},
  author  = {L. Peter Deutsch},
  license = {GNU AGPL + commercial permissive exception},
  year    = {2022},
  version = {9.56.1},
  url     = {https://www.ghostscript.com/}
}

@software{gimp,
  title   = {GIMP},
  author  = {Spencer Kimball and Peter Mattis},
  license = {GPL-3.0-or-later},
  year    = {2021},
  version = {2.10.30},
  url     = {https://www.gimp.org/}
}

@software{pack:amsmath,
  title   = {amsmath},
  author  = {\LaTeX3 Project and American Mathematical Society},
  version = {2021-11-15},
  year    = {2021},
  url     = {https://www.ctan.org/pkg/latex-amsmath},
  license = {LPPL-1.3c}
}

@article{IEEEtran_HOWTO,
  author  = {Michael Shell},
  journal = {Journal of \LaTeX{} Class Files},
  number  = {8},
  title   = {How to Use the IEEEtran \LaTeX{} Class},
  volume  = {14},
  month   = {8},
  year    = {2015},
  url     = {http://www.ctan.org/tex-archive/macros/latex/contrib/IEEEtran/IEEEtran_HOWTO.pdf}
}

@software{pack:IEEEtrantools,
  title   = {ieeetrantools},
  author  = {Michael Shell},
  version = {1.4},
  year    = {2014},
  url     = {https://www.ctan.org/pkg/ieeetrantools},
  license = {LPPL-1.3c}
}

@misc{amstestmath,
  author  = {American Mathematical Society},
  title   = {Sample Paper for the \texttt{amsmath} Package},
  year    = {1999},
  url     = {http://mirrors.ctan.org/macros/latex/required/amsmath/testmath.pdf},
  version = {2.0}
}

@software{pack:biblatex,
  title   = {Bib\LaTeX},
  author  = {Philipp Lehman and Joseph Wright and Audrey Boruvka and Philip
             Kime},
  version = {3.17},
  year    = {2022},
  url     = {https://www.ctan.org/pkg/biblatex},
  license = {LPPL-1.3c}
}

@software{pack:biber,
  title   = {\hologo{biber}},
  author  = {François Charette and Philip Kime},
  version = {2.17},
  year    = {2022},
  url     = {https://www.ctan.org/pkg/biber},
  license = {Artistic-2.0}
}

@software{pack:amssymb,
  title   = {amsfonts},
  author  = {The American Mathematical Society},
  version = {3.04},
  year    = {2013},
  url     = {https://www.ctan.org/pkg/amsfonts},
  license = {OFL-1.1}
}

@software{pack:xparse,
  title   = {xparse -- A generic document command parser},
  author  = {Frank Mittelbach and Chris Rowley and David Carlisle
             and The \LaTeX3 Project},
  version = {2022-01-12},
  date    = {2022-01-12},
  url     = {https://www.ctan.org/pkg/xparse},
  license = {LPPL-1.3c}
}

@software{pack:siunitx,
  title   = {siunitx -- A comprehensive (SI) units package},
  author  = {Joseph Wright},
  version = {3.1.1},
  date    = {2022-05-03},
  url     = {https://www.ctan.org/pkg/siunitx},
  license = {LPPL-1.3c}
}

@online{si,
  author  = {Bureau International des Poids et Mesures},
  title   = {The International System of Units (SI)},
  url     = {https://www.bipm.org/en/measurement-units/},
  date    = {2019-05-20},
  edition = {5}
}

@software{pack:polyglossia,
  title   = {polyglossia -- An alternative to babel for \hologo{XeLaTeX}
             and \hologo{LuaLaTeX}},
  author  = {François Charette and Arthur Reutenauer and Elie Roux and
             Jürgen Spitzmüller and Bastien Roucariès},
  version = {1.57},
  date    = {2022-07-18},
  url     = {https://www.ctan.org/pkg/polyglossia},
  license = {LPPL-1.3c, MIT, CC0-1.0}
}

@software{pack:bidi,
  title   = {bidi -- Bidirectional typesetting in plain \TeX{} and \LaTeX, using \hologo{XeTeX}},
  author  = {Vafa Khalighi and {bidi-tex GitHub Organisation}},
  version = {36.7},
  date    = {2022-02-18},
  url     = {https://www.ctan.org/pkg/bidi},
  license = {LPPL-1.3c}
}

@software{pack:luabidi,
  title   = {luabidi -- Bidi functions for \hologo{LuaTeX}},
  author  = {Vafa Khalighi and Arthur Reutenauer and Jürgen Spitzmüller},
  version = {0.5},
  date    = {2019-10-27},
  url     = {https://www.ctan.org/pkg/luabidi},
  license = {LPPL-1.3c, MIT}
}

@software{pack:xepersian,
  title   = {XePersian -- Persian for \LaTeX, using \hologo{XeTeX}},
  author  = {Vafa Khalighi and {bidi-tex GitHub Organisation}},
  version = {23.7},
  date    = {2022-02-20},
  url     = {https://www.ctan.org/pkg/xepersian},
  license = {LPPL-1.3c}
}

@misc{font:IranNastaliq,
  author = {{Supreme Council of Information and Communication Technology} 
            and Mohammad Saleh Souzanchi},
  url    = {https://github.com/font-store/font-IranNastaliq},
  title  = {Iran Nastaliq font},
  year   = {2020}
}

@software{pack:arabxetex,
  title   = {arabxetex -- An Arab\TeX-like interface for \hologo{XeTeX}},
  author  = {François Charette},
  version = {1.2.1},
  date    = {2015-09-04},
  url     = {https://www.ctan.org/pkg/arabxetex},
  license = {LPPL}
}

@misc{font:ezrasil,
  title   = {Ezra SIL},
  author  = {SIL Language Technology},
  version = {2.51},
  date    = {2007-10-04},
  url     = {https://software.sil.org/ezra/},
  license = {OFL-1.1}
}

@misc{font:NewComputerModern,
  title   = {New Computer Modern},
  author  = {Antonis Tsolomitis},
  version = {4.1},
  date    = {2021-12-15},
  url     = {https://www.ctan.org/pkg/newcomputermodern},
  license = {The GUST Font License}
}

@software{pack:xeCJK,
  title   = {xecjk -- Support for CJK documents in XeLaTeX},
  author  = {Wenchang Sun and Leo Liu and Qing Lee},
  version = {3.8.8},
  date    = {2021-12-14},
  url     = {https://github.com/CTeX-org/ctex-kit},
  license = {LPPL-1.3c}
}

@software{pack:booktabs,
  title   = {booktabs -- Publication quality tables in \LaTeX},
  author  = {Simon Fear and Danie Els},
  version = {1.61803398},
  date    = {2020-01-14},
  url     = {https://www.ctan.org/pkg/booktabs},
  license = {LPPL-1.3c}
}

@software{pack:longtable,
  title   = {longtable -- Allow tables to flow over page boundaries},
  author  = {David Carlisle and The LaTeX Team},
  version = {4.17},
  date    = {2021-09-01},
  url     = {https://www.ctan.org/pkg/longtable},
  license = {LPPL-1.3c}
}

@software{pack:array,
  title   = {array -- Extending the array and tabular environments},
  author  = {Frank Mittelbach and The LaTeX Team},
  version = {2.5f},
  date    = {2021-10-04},
  url     = {https://www.ctan.org/pkg/array},
  license = {LPPL-1.3c}
}

@software{pack:multirow,
  title   = {multirow -- Create tabular cells spanning multiple rows},
  author  = {Pieter van Oostrum and Øystein Bache and Jerry Leichter},
  version = {2.8},
  date    = {2021-03-15},
  url     = {https://www.ctan.org/pkg/multirow},
  license = {LPPL-1.3c}
}

@software{pack:fancyhdr,
  title   = {fancyhdr -- Extensive control of page headers and footers in \LaTeX2e},
  author  = {Pieter van Oostrum},
  version = {4.0.2},
  date    = {2022-05-10},
  url     = {https://www.ctan.org/pkg/fancyhdr},
  license = {LPPL-1.3c}
}

@software{pack:ragged2e,
  title   = {ragged2e -- Alternative versions of “ragged”-type commands},
  author  = {Martin Schröder and Marei Peischl},
  version = {3.1},
  date    = {2021-12-15},
  url     = {https://www.ctan.org/pkg/ragged2e},
  license = {LPPL-1.3c}
}

@software{etex,
  title   = {\hologo{eTeX} -- An extended version of \TeX, from the NTS project},
  author  = {{The \TeX{} Live Team} and Peter Breitenlohner},
  version = {2.0},
  year    = {1998},
  month   = {2},
  url     = {https://www.ctan.org/pkg/etex},
  license = {Knuth License}
}

@article{quovadis,
  author  = {Frank Mittelbach and {the \LaTeX{} Project Team}},
  journal = {TUGboat},
  number  = {2},
  title   = {Quo vadis \LaTeX(3) Team — A look back
             and at the upcoming years},
  volume  = {41},
  year    = {2020},
  url     = {https://www.latex-project.org/publications/2020-FMi-TUB-tb128mitt-quovadis.pdf}
}

@software{pack:makeidx,
  title   = {makeidx -- Standard \LaTeX{} package for creating indexes},
  author  = {The \LaTeX{} Team},
  version = {1.0m},
  date    = {2014-09-29},
  url     = {https://www.ctan.org/pkg/makeidx},
  license = {LPPL-1.3c}
}

@software{pack:beamer,
  title   = {beamer -- A \LaTeX{} class for producing presentations and slides},
  author  = {Till Tantau and Vedran Miletić and Joseph Wright},
  version = {3.67},
  date    = {2022-05-17},
  url     = {https://www.ctan.org/pkg/beamer},
  license = {GFDL-1.3-no-invariants-or-later and GPL-2.0-or-later and LPPL-1.3c}
}

@software{pack:csquotes,
  title   = {csquotes -- Context sensitive quotation facilities},
  author  = {Philipp Lehman and Joseph Wright},
  version = {5.2l},
  date    = {2021-02-22},
  url     = {https://www.ctan.org/pkg/csquotes},
  license = {LPPL-1.3c}
}

@software{pack:verbatim,
  title   = {verbatim -- Reimplementation of and extensions to \LaTeX{} verbatim},
  author  = {Rainer Schöpf and The \LaTeX3 Project},
  version = {1.5u},
  date    = {2020-07-07},
  url     = {https://www.ctan.org/pkg/verbatim},
  license = {LPPL-1.3c}
}

@software{pack:fancyvrb,
  title   = {fancyvrb -- Sophisticated verbatim text},
  author  = {Timothy Van Zandt and Herbert Voss},
  version = {4.2},
  date    = {2022-04-12},
  url     = {https://www.ctan.org/pkg/fancyvrb},
  license = {LPPL-1.3c}
}

@misc{pack:graphicx,
  title   = {graphicx -- Enhanced support for graphics},
  author  = {David Carlisle and \LaTeX3 Project},
  version = {1.2d},
  date    = {2021-09-16},
  url     = {https://www.ctan.org/pkg/graphicx},
  license = {LPPL-1.3c}
}

@misc{pack:mwe,
  title   = {mwe -- Packages and image files for MWEs},
  author  = {Martin Scharrer},
  version = {0.5},
  date    = {2018-03-30},
  url     = {https://www.ctan.org/pkg/mwe},
  license = {LPPL-1.3c}
}

@misc{pack:newfloat,
  title   = {newfloat -- Define new floating environments},
  author  = {Axel Sommerfeldt},
  version = {1.1l},
  date    = {2019-09-02},
  url     = {https://www.ctan.org/pkg/newfloat},
  license = {LPPL-1.3c}
}

@online{germanwikiknuth,
  title   = {Knuth message on `Diskussion:TeX --- Aussprache'},
  author  = {Donald E. Knuth},
  url     = {https://de.wikipedia.org/w/index.php?title=Diskussion:TeX&oldid=217574275#Aussprache},
  date    = {2004-04-05},
  urlseen = {accessed on 2022-05-23},
  license = {CC-BY-SA-3.0},
  note    = {Posted by user S (\url{https://de.wikipedia.org/wiki/Benutzer:S})}
}

@online{etex-kernel,
  title   = {Future releases of LaTeX will require an eTeX-enabled engine},
  author  = {The LaTeX Project},
  url     = {https://www.latex-project.org/news/2016/11/04/eTeX-kernel/},
  date    = {2016-11-04},
  urlseen = {accessed on 2022-05-23}
}

@software{pack:listings,
  title   = {listings -- Typeset source code listings using \LaTeX},
  author  = {Carsten Heinz and Brooks Moses and Jobst Hoffmann},
  version = {1.8d},
  date    = {2020-03-24},
  url     = {https://www.ctan.org/pkg/listings},
  license = {LPPL-1.3c}
}

@software{pack:minted,
  title   = {minted -- Highlighted source code for \LaTeX},
  author  = {Konrad Rudolph and Geoffrey M. Poore},
  version = {2.6},
  date    = {2021-12-24},
  url     = {https://www.ctan.org/pkg/minted},
  license = {LPPL-1.3c}
}

@software{pygments,
  title   = {Pygments -- Python syntax highlighter},
  author  = {Georg Brandl and Matthäus Chajdas},
  version = {2.6},
  date    = {2021-12-24},
  url     = {https://pygments.org},
  license = {BSD-2-Clause}
}

@software{pack:hyperref,
  title   = {hyperref -- Extensive support for hypertext in \LaTeX},
  author  = {Sebastian Rahtz and Heiko Oberdiek and
             {Oberdiek Package Support Group} and {\LaTeX3 Project} et al.},
  version = {7.00q},
  date    = {2022-05-17},
  url     = {https://www.ctan.org/pkg/hyperref},
  license = {LPPL-1.3c}
}

@software{pack:ocgx2,
  title   = {ocgx2 -- Drop-in replacement for ‘ocgx’ and ‘ocg-p’},
  author  = {Alexander Grahn},
  version = {0.54},
  date    = {2022-04-01},
  url     = {https://www.ctan.org/pkg/ocgx2},
  license = {LPPL-1.3c}
}

@software{pack:fontspec,
  title   = {fontspec -- Advanced font selection in \hologo{XeLaTeX}
             and \hologo{LuaLaTeX}},
  author  = {Will Robertson and Khaled Hosny},
  version = {2.8a},
  date    = {2022-01-16},
  url     = {https://www.ctan.org/pkg/fontspec},
  license = {LPPL-1.3c}
}

@misc{sourceserif,
  title   = {Source Serif},
  author  = {Frank Grießhammer and {Adobe}},
  url     = {https://github.com/adobe-fonts/source-serif},
  version = {4.004},
  date    = {2021-01-25},
  license = {OFL-1.1}
}

@misc{sourcesans,
  title   = {Source Sans 3},
  author  = {Paul D. Hunt and {Adobe}},
  url     = {https://github.com/adobe-fonts/source-sans},
  version = {3.046},
  date    = {2021-07-14},
  license = {OFL-1.1}
}

@misc{sourcecodepro,
  title   = {Source Code Pro},
  author  = {Paul D. Hunt and {Adobe}},
  url     = {https://github.com/adobe-fonts/source-code-pro},
  version = {2.038},
  date    = {2021-01-15},
  license = {OFL-1.1}
}

@software{pack:xcolor,
  title   = {xcolor -- Driver-independent color extensions for \LaTeX{} 
             and \hologo{pdfLaTeX}},
  author  = {Dr. Uwe Kern},
  version = {2.14},
  date    = {2022-06-12},
  url     = {https://www.ctan.org/pkg/xcolor},
  license = {LPPL-1.2}
}

@software{sagemath,
  author  = {{The SageMath Developers}},
  doi     = {10.5281/zenodo.593563},
  title   = {{SageMath}},
  url     = {https://www.sagemath.org/},
  version = {9.6},
  license = {GPL-3.0-only},
  year    = {2022}
}

@online{enwiki:1091087776,
  author = {{Wikipedia contributors}},
  title  = {Help:Displaying a formula --- {Wikipedia}{,} The Free Encyclopedia,
            year = 2022},
  url    = {https://en.wikipedia.org/w/index.php?title=Help:Displaying_a_formula&oldid=1091087776},
  note   = {[Online; accessed 10-June-2022]}
}

@software{pack:unicode-math,
  title   = {unicode-math -- Unicode mathematics support for
             \hologo{XeTeX} and \hologo{LuaTeX}},
  author  = {Will Robertson and Philipp Stephani and Joseph Wright
             and Khaled Hosny},
  version = {0.8q},
  date    = {2020-01-31},
  url     = {https://www.ctan.org/pkg/unicode-math},
  license = {LPPL-1.3c}
}

@software{pack:mathtools,
  title   = {mathtools -- Mathematical tools to use with amsmath},
  author  = {Morten Høgholm and Lars Madsen and {The \LaTeX3 Project}},
  version = {1.28a},
  date    = {2022-02-07},
  url     = {https://www.ctan.org/pkg/mathtools},
  license = {LPPL-1.3c}
}

@manual{unicode-math-symbols,
  title   = {Symbols defined by \textsf{unicode-math}},
  author  = {Will Robertson},
  version = {0.8q},
  date    = {2020-01-31},
  url     = {http://mirrors.ctan.org/macros/unicodetex/latex/unicode-math/unimath-symbols.pdf},
  license = {LPPL-1.3c}
}

@manual{latexcomp,
  title   = {The Comprehensive \LaTeX{} Symbol List --
             Symbols accessible from \LaTeX},
  author  = {Scott Pakin},
  version = {14.0},
  date    = {2021-05-05},
  url     = {https://www.ctan.org/pkg/comprehensive},
  license = {LPPL-1.3c}
}

@software{detexify,
  title   = {Detexify},
  author  = {Daniel Kirsch},
  url     = {https://detexify.kirelabs.org/classify.html},
  license = {MIT}
}

@manual{iso80000-2,
  title   = {ISO 80000-2:2019},
  author  = {{International Organization for Standardization}},
  url     = {https://www.iso.org/obp/ui/#iso:std:iso:80000:-2:ed-2:v2:en},
  date    = {2021-11},
  edition = {2},
  license = {proprietary}
}

@software{pack:chemformula,
  title   = {chemformula -- Command for typesetting chemical formulas
             and reactions},
  author  = {Clemens Niederberger},
  version = {4.17},
  date    = {2022-01-23},
  url     = {https://www.ctan.org/pkg/chemformula},
  license = {LPPL-1.3c}
}

@software{pack:mhchem,
  title   = {mhchem -- Typeset chemical formulae/equations
             and H and P statements},
  author  = {Martin Hensel},
  version = {2021-12-31},
  date    = {2021-12-31},
  url     = {https://www.ctan.org/pkg/mhchem},
  license = {LPPL-1.3c}
}

@software{pack:amsthm,
  title   = {amsthm -- Typesetting theorems (AMS style)},
  author  = {{American Mathematical Society}},
  version = {2.20.6},
  date    = {2020-05-29},
  url     = {https://www.ctan.org/pkg/amsthm},
  license = {LPPL-1.3c}
}

@software{pack:ntheorem,
  title   = {ntheorem -- Enhanced theorem environment},
  author  = {Wolfgang May and Andreas Schedler},
  version = {1.33},
  date    = {2011-8-15},
  url     = {https://www.ctan.org/pkg/ntheorem},
  license = {LPPL-1.3c}
}

@software{pack:xfrac,
  title   = {xfrac -- Split-level fractions in \LaTeXe*},
  author  = {Morten Høgholm and {The \LaTeX3 Project}},
  version = {2022-06-22},
  date    = {2022-06-22},
  url     = {https://www.ctan.org/pkg/xfrac},
  license = {LPPL-1.3c}
}

@manual{usrguide3,
  author  = {{\LaTeX{} Project Team}},
  title   = {New \LaTeX{} methods for authors (starting 2020)},
  url     = {http://mirrors.ctan.org/macros/latex/base/usrguide3.pdf},
  date    = {2022-02-19},
  license = {LPPL-1.3c}
}

@software{pack:beamer,
  title   = {beamer -- A \LaTeX class for producing presentations and slides},
  author  = {Till Tantau and Vedran Miletić and Joseph Wright},
  version = {3.67},
  date    = {2022-05-17},
  url     = {https://www.ctan.org/pkg/beamer},
  license = {GFDL-1.3-no-invariants-or-later and GPL-2.0-or-later and LPPL-1.3c}
}

@online{AnotherBeamerThemeMatrix,
  title   = {Another Beamer Theme Matrix},
  author  = {Matthew Petroff},
  url     = {https://mpetroff.net/files/beamer-theme-matrix/},
  license = {MIT}
}

@software{inkscape,
  title   = {Inkscape},
  url     = {https://inkscape.org/},
  version = {1.2.1},
  license = {GPL-3.0-or-later},
  date    = {2022-07-14}
}

@software{pack:metapost,
  title   = {metapost -- A development of \hologo{METAFONT} for creating 
             graphics},
  author  = {John Hobby and	The \hologo{METAPOST} Team},
  version = {2.00},
  date    = {2020-12-31},
  url     = {https://www.ctan.org/pkg/metapost},
  license = {LGPL}
}

@software{pack:asymptote,
  title   = {asymptote -- 2D and 3D \TeX-Aware Vector Graphics Language},
  author  = {Andy Hammerlindl and John Bowman and Tom Prince},
  version = {2.80},
  date    = {2022-04-05},
  url     = {https://www.ctan.org/pkg/asymptote},
  license = {LGPL-3.0-or-later}
}

@software{pack:xypic,
  title   = {xypic -- Flexible diagramming macros},
  author  = {Kristoffer H. Rose and Ross Moore and others},
  version = {3.8.9},
  date    = {2013-10-06},
  url     = {https://www.ctan.org/pkg/xypic},
  license = {GPL-3.0-or-later}
}

@software{pack:pgf,
  title   = {pgf -- Create PostScript and PDF graphics in \TeX},
  author  = {Till Tantau and Henri Menke},
  version = {3.1.9a},
  date    = {2021-05-15},
  url     = {https://www.ctan.org/pkg/pgf},
  license = {GFDL-1.3-no-invariants-or-later and GPL-2.0-or-later and LPPL-1.3c}
}

@software{pack:pgfplots,
  title   = {pgfplots -- Create normal/logarithmic plots in two and three 
             dimensions},
  author  = {Christian Feuersänger},
  version = {1.18.1},
  date    = {2021-05-17},
  url     = {https://www.ctan.org/pkg/pgfplots},
  license = {GPL-3.0-or-later}
}

@software{pack:commutative-diagrams,
  title   = {commutative-diagrams -- CoDi: Commutative Diagrams for TeX},
  author  = {Paolo Brasolin},
  version = {1.0.1},
  date    = {2020-06-11},
  url     = {https://ctan.org/pkg/commutative-diagrams},
  license = {MIT}
}

@software{pack:setspace,
  title   = {setspace -- Set space between lines},
  author  = {David Carlisle and Erica Harris and Geoffrey Tobin 
             and Robin Fairbairns},
  version = {6.7a},
  date    = {2011-12-19},
  url     = {https://ctan.org/pkg/setspace},
  license = {LPPL-1.3c}
}

@software{pack:indentfirst,
  title   = {indentfirst -- Indent first paragraph after section header},
  author  = {David Carlisle and {The \LaTeX3 Project} et al.},
  version = {1.03},
  date    = {1995-11-23},
  url     = {https://ctan.org/pkg/indentfirst},
  license = {LPPL-1.3c}
}

@software{pack:geometry,
  title   = {geometry -- Flexible and complete interface to document
             dimensions},
  author  = {Hideo Umeki and David Carlisle},
  version = {5.9},
  date    = {2020-01-02},
  url     = {https://ctan.org/pkg/geometry},
  license = {LPPL-1.3c}
}

@software{pack:koma-script,
  title   = {koma-script -- A bundle of versatile classes and packages},
  author  = {Markus Kohm},
  version = {3.37},
  date    = {2022-07-04},
  url     = {https://ctan.org/pkg/koma-script},
  license = {LPPL-1.3c}
}

@software{pack:memoir,
  title   = {memoir -- Typeset fiction, non-fiction and mathematical books},
  author  = {Peter R. Wilson and Lars Madsen},
  version = {3.7r},
  date    = {2022-07-29},
  url     = {https://ctan.org/pkg/memoir},
  license = {LPPL-1.3c}
}
